@article{yu2007efficient,
  title={Efficient algorithms for Web services selection with end-to-end QoS constraints},
  author={Yu, Tao and Zhang, Yue and Lin, Kwei-Jay},
  journal={ACM Transactions on the Web (TWEB)},
  volume={1},
  number={1},
  pages={6},
  year={2007},
  publisher={ACM}
}
