@inproceedings{wagner2011qos,
  title={Qos-aware automatic service composition by applying functional clustering},
  author={Wagner, Florian and Ishikawa, Fuyuki and Honiden, Shinichi},
  booktitle={Web Services (ICWS), 2011 IEEE International Conference on},
  pages={89--96},
  year={2011},
  organization={IEEE}
}
