@article{zhang2007diga,
  title={DiGA: Population diversity handling genetic algorithm for QoS-aware web services selection},
  author={Zhang, Chengwen and Su, Sen and Chen, Junliang},
  journal={Computer Communications},
  volume={30},
  number={5},
  pages={1082--1090},
  year={2007},
  publisher={Elsevier}
}
