@inproceedings{hofmann1999probabilistic,
  title={Probabilistic latent semantic indexing},
  author={Hofmann, Thomas},
  booktitle={Proceedings of the 22nd annual international ACM SIGIR conference on Research and development in information retrieval},
  pages={50--57},
  year={1999},
  organization={ACM}
}
