@inproceedings{alrifai2009combining,
  title={Combining global optimization with local selection for efficient QoS-aware service composition},
  author={Alrifai, Mohammad and Risse, Thomas},
  booktitle={Proceedings of the 18th international conference on World wide web},
  pages={881--890},
  year={2009},
  organization={ACM}
}
