@article{20,
  title={Progressive skyline computation in database systems},
  author={Papadias, Dimitris and Tao, Yufei and Fu, Greg and Seeger, Bernhard},
  journal={ACM Transactions on Database Systems (TODS)},
  volume={30},
  number={1},
  pages={41--82},
  year={2005},
  publisher={ACM}
}

@inproceedings{1,
  title={Investigating web services on the world wide web},
  author={Al-Masri, Eyhab and Mahmoud, Qusay H},
  booktitle={Proceedings of the 17th international conference on World Wide Web},
  pages={795--804},
  year={2008},
  organization={ACM}
}

@article{8,
  title={Ranking and clustering web services using multicriteria dominance relationships},
  author={Skoutas, Dimitrios and Sacharidis, Dimitris and Simitsis, Alkis and Sellis, Timos},
  journal={Services Computing, IEEE Transactions on},
  volume={3},
  number={3},
  pages={163--177},
  year={2010},
  publisher={IEEE}
}

@inproceedings{19,
  title={Distance-based representative skyline},
  author={Tao, Yufei and Ding, Ling and Lin, Xuemin and Pei, Jian},
  booktitle={Data Engineering, 2009. ICDE'09. IEEE 25th International Conference on},
  pages={892--903},
  year={2009},
  organization={IEEE}
}

@article{21,
  title={Adaptive service composition in flexible processes},
  author={Ardagna, Danilo and Pernici, Barbara},
  journal={Software Engineering, IEEE Transactions on},
  volume={33},
  number={6},
  pages={369--384},
  year={2007},
  publisher={IEEE}
}

@inproceedings{7,
  title={Optimal web service selection based on multi-objective genetic algorithm},
  author={Wang, Junli and Hou, Yubing},
  booktitle={Computational Intelligence and Design, 2008. ISCID'08. International Symposium on},
  volume={1},
  pages={553--556},
  year={2008},
  organization={IEEE}
}

@incollection{6,
  title={QoS-aware service composition in dynamic service oriented environments},
  author={Mabrouk, Nebil Ben and Beauche, Sandrine and Kuznetsova, Elena and Georgantas, Nikolaos and Issarny, Val{\'e}rie},
  booktitle={Middleware 2009},
  pages={123--142},
  year={2009},
  publisher={Springer}
}

@incollection{18,
  title={A probabilistic approach to service selection with conditional contracts and usage patterns},
  author={Klein, Adrian and Ishikawa, Fuyuki and Bauer, Bernhard},
  booktitle={Service-Oriented Computing},
  pages={253--268},
  year={2009},
  publisher={Springer}
}

@inproceedings{17,
  title={Selecting skyline services for QoS-based web service composition},
  author={Alrifai, Mohammad and Skoutas, Dimitrios and Risse, Thomas},
  booktitle={Proceedings of the 19th international conference on World wide web},
  pages={11--20},
  year={2010},
  organization={ACM}
}

@article{5,
  title={Qos-aware middleware for web services composition},
  author={Zeng, Liangzhao and Benatallah, Boualem and Ngu, Anne HH and Dumas, Marlon and Kalagnanam, Jayant and Chang, Henry},
  journal={Software Engineering, IEEE Transactions on},
  volume={30},
  number={5},
  pages={311--327},
  year={2004},
  publisher={IEEE}
}

@incollection{4,
  title={Service selection algorithms for composing complex services with multiple qos constraints},
  author={Yu, Tao and Lin, Kwei-Jay},
  booktitle={Service-Oriented Computing-ICSOC 2005},
  pages={130--143},
  year={2005},
  publisher={Springer}
}

@inproceedings{3,
  title={Quality driven web services composition},
  author={Zeng, Liangzhao and Benatallah, Boualem and Dumas, Marlon and Kalagnanam, Jayant and Sheng, Quan Z},
  booktitle={Proceedings of the 12th international conference on World Wide Web},
  pages={411--421},
  year={2003},
  organization={ACM}
}

@article{2,
  title={Service-oriented computing: a research roadmap},
  author={Papazoglou, Michael P and Traverso, Paolo and Dustdar, Schahram and Leymann, Frank},
  journal={International Journal of Cooperative Information Systems},
  volume={17},
  number={02},
  pages={223--255},
  year={2008},
  publisher={World Scientific}
}

@incollection{10,
  title={Semantic matching of web services capabilities},
  author={Paolucci, Massimo and Kawamura, Takahiro and Payne, Terry R and Sycara, Katia},
  booktitle={The Semantic Webâ€”ISWC 2002},
  pages={333--347},
  year={2002},
  publisher={Springer}
}


@inproceedings{9,
  title={Qos-aware automatic service composition by applying functional clustering},
  author={Wagner, Florian and Ishikawa, Fuyuki and Honiden, Shinichi},
  booktitle={Web Services (ICWS), 2011 IEEE International Conference on},
  pages={89--96},
  year={2011},
  organization={IEEE}
}

@article{14,
  title={DiGA: Population diversity handling genetic algorithm for QoS-aware web services selection},
  author={Zhang, Chengwen and Su, Sen and Chen, Junliang},
  journal={Computer Communications},
  volume={30},
  number={5},
  pages={1082--1090},
  year={2007},
  publisher={Elsevier}
}

@inproceedings{12,
  title={Probabilistic latent semantic indexing},
  author={Hofmann, Thomas},
  booktitle={Proceedings of the 22nd annual international ACM SIGIR conference on Research and development in information retrieval},
  pages={50--57},
  year={1999},
  organization={ACM}
}

@article{13,
  title={Finding scientific topics},
  author={Griffiths, Thomas L and Steyvers, Mark},
  journal={Proceedings of the National Academy of Sciences},
  volume={101},
  number={suppl 1},
  pages={5228--5235},
  year={2004},
  publisher={National Acad Sciences}
}

@article{16,
  title={Efficient algorithms for Web services selection with end-to-end QoS constraints},
  author={Yu, Tao and Zhang, Yue and Lin, Kwei-Jay},
  journal={ACM Transactions on the Web (TWEB)},
  volume={1},
  number={1},
  pages={6},
  year={2007},
  publisher={ACM}
}

@inproceedings{alrifai2009combining,
  title={Combining global optimization with local selection for efficient QoS-aware service composition},
  author={Alrifai, Mohammad and Risse, Thomas},
  booktitle={Proceedings of the 18th international conference on World wide web},
  pages={881--890},
  year={2009},
  organization={ACM}
}


@inproceedings{15,
  title={Selecting skyline services for QoS-based web service composition},
  author={Alrifai, Mohammad and Skoutas, Dimitrios and Risse, Thomas},
  booktitle={Proceedings of the 19th international conference on World wide web},
  pages={11--20},
  year={2010},
  organization={ACM}
}

@inproceedings{11,
  title={Towards robust service compositions in the context of functionally diverse services},
  author={Wagner, Florian and Kl{\"o}pper, Benjamin and Ishikawa, Fuyuki and Honiden, Shinichi},
  booktitle={Proceedings of the 21st international conference on World Wide Web},
  pages={969--978},
  year={2012},
  organization={ACM}
}
