@inproceedings{zeng2003quality,
  title={Quality driven web services composition},
  author={Zeng, Liangzhao and Benatallah, Boualem and Dumas, Marlon and Kalagnanam, Jayant and Sheng, Quan Z},
  booktitle={Proceedings of the 12th international conference on World Wide Web},
  pages={411--421},
  year={2003},
  organization={ACM}
}
