@article{papazoglou2008service,
  title={Service-oriented computing: a research roadmap},
  author={Papazoglou, Michael P and Traverso, Paolo and Dustdar, Schahram and Leymann, Frank},
  journal={International Journal of Cooperative Information Systems},
  volume={17},
  number={02},
  pages={223--255},
  year={2008},
  publisher={World Scientific}
}
