@incollection{paolucci2002semantic,
  title={Semantic matching of web services capabilities},
  author={Paolucci, Massimo and Kawamura, Takahiro and Payne, Terry R and Sycara, Katia},
  booktitle={The Semantic Webâ€”ISWC 2002},
  pages={333--347},
  year={2002},
  publisher={Springer}
}
