@inproceedings{alrifai2010selecting,
  title={Selecting skyline services for QoS-based web service composition},
  author={Alrifai, Mohammad and Skoutas, Dimitrios and Risse, Thomas},
  booktitle={Proceedings of the 19th international conference on World wide web},
  pages={11--20},
  year={2010},
  organization={ACM}
}
